<record><leader>00000nas a2200000 i 4500</leader><controlfield tag="001">905965313</controlfield><controlfield tag="006">m     o  d        </controlfield><controlfield tag="007">cr |||||||||||</controlfield><controlfield tag="008">150401d18511863msuwr neo     0   a0eng  </controlfield><datafield ind1=" " ind2=" " tag="010"><subfield code="a">  2015218651</subfield></datafield><datafield ind1=" " ind2=" " tag="040"><subfield code="a">DLC</subfield><subfield code="b">eng</subfield><subfield code="e">rda</subfield><subfield code="c">DLC</subfield></datafield><datafield ind1="0" ind2=" " tag="022"><subfield code="a">2378-1483</subfield><subfield code="2">1</subfield></datafield><datafield ind1=" " ind2=" " tag="042"><subfield code="a">pcc</subfield><subfield code="a">nsdp</subfield></datafield><datafield ind1=" " ind2=" " tag="043"><subfield code="a">n-us-ms</subfield></datafield><datafield ind1="1" ind2="0" tag="050"><subfield code="a">ISSN RECORD</subfield></datafield><datafield ind1="0" ind2="0" tag="082"><subfield code="a">071</subfield><subfield code="2">23</subfield></datafield><datafield ind1="0" ind2=" " tag="130"><subfield code="a">American citizen (Canton, Miss.)</subfield></datafield><datafield ind1=" " ind2="0" tag="222"><subfield code="a">American citizen</subfield><subfield code="b">(Canton, Miss. Online)</subfield></datafield><datafield ind1="0" ind2="0" tag="245"><subfield code="a">American citizen.</subfield></datafield><datafield ind1=" " ind2="1" tag="264"><subfield code="a">Canton, Miss. :</subfield><subfield code="b">John F. Bosworth</subfield></datafield><datafield ind1=" " ind2=" " tag="300"><subfield code="a">1 online resource</subfield></datafield><datafield ind1=" " ind2=" " tag="310"><subfield code="a">Weekly</subfield></datafield><datafield ind1=" " ind2=" " tag="336"><subfield code="a">text</subfield><subfield code="b">txt</subfield><subfield code="2">rdacontent</subfield></datafield><datafield ind1=" " ind2=" " tag="337"><subfield code="a">computer</subfield><subfield code="b">c</subfield><subfield code="2">rdamedia</subfield></datafield><datafield ind1=" " ind2=" " tag="338"><subfield code="a">online resource</subfield><subfield code="b">cr</subfield><subfield code="2">rdacarrier</subfield></datafield><datafield ind1="1" ind2=" " tag="362"><subfield code="a">Began February 1, 1851; ceased November 14, 1863.</subfield></datafield><datafield ind1=" " ind2=" " tag="515"><subfield code="a">None published, July 4-Sept. 11, 1863?</subfield></datafield><datafield ind1=" " ind2=" " tag="530"><subfield code="a">Also available on microfilm from UMI.</subfield></datafield><datafield ind1=" " ind2=" " tag="588"><subfield code="a">Description based on: Vol. XI, no. 27 (July 6, 1861); title from masthead (Chroniclingamerica.loc.gov, viewed April 1, 2015).</subfield></datafield><datafield ind1=" " ind2=" " tag="588"><subfield code="a">Latest issue consulted: Vol. XIII, no. 14 (April 3, 1863) (Chroniclingamerica.loc.gov, viewed April 1, 2015).</subfield></datafield><datafield ind1=" " ind2="0" tag="651"><subfield code="a">Canton (Miss.)</subfield><subfield code="v">Newspapers.</subfield></datafield><datafield ind1=" " ind2="7" tag="651"><subfield code="a">Mississippi</subfield><subfield code="z">Canton.</subfield><subfield code="2">fast</subfield><subfield code="0">(OCoLC)fst01219893</subfield></datafield><datafield ind1=" " ind2="7" tag="655"><subfield code="a">Newspapers.</subfield><subfield code="2">fast</subfield><subfield code="0">(OCoLC)fst01423814</subfield></datafield><datafield ind1=" " ind2=" " tag="752"><subfield code="a">United States</subfield><subfield code="b">Mississippi</subfield><subfield code="c">Madison</subfield><subfield code="d">Canton.</subfield></datafield><datafield ind1="0" ind2="8" tag="776"><subfield code="i">Originally issued in print:</subfield><subfield code="t">American citizen (Canton, Miss.)</subfield><subfield code="x">2378-1475</subfield><subfield code="w">(DLC)sn 83016736</subfield><subfield code="w">(OCoLC)10079820</subfield></datafield><datafield ind1="0" ind2="0" tag="780"><subfield code="t">Mississippi Creole</subfield></datafield><datafield ind1="0" ind2="0" tag="785"><subfield code="t">Tri-weekly citizen (Canton, Miss.)</subfield></datafield><datafield ind1="4" ind2="0" tag="856"><subfield code="u">http://www.loc.gov/chroniclingamerica/lccn/sn83016736/issues</subfield></datafield></record>